@www-misc{cisco14,  
  bibitemlabel = "Cisco14",
  title = "Cisco Visual Networking Index: Global Mobile Data Traffic Forecast Update, 2013â€“2018",
  year = "5 February 2014",
}


@inproceedings{bmv10,
  author = {Balasubramanian, Aruna and Mahajan, Ratul and Venkataramani, Arun},
  title = {Augmenting Mobile 3G Using WiFi},
  booktitle = {Proceedings of the 8th International Conference on Mobile Systems, Applications, and Services},
  series = {MobiSys '10},
  year = {2010},
  isbn = {978-1-60558-985-5},
  location = {San Francisco, California, USA},
  pages = {209--222},
  numpages = {14},
  doi = {10.1145/1814433.1814456},
  acmid = {1814456},
  publisher = {ACM},
  address = {New York, NY, USA},
  keywords = {3G augmentation, applications, vehicular network, wifi},
}

@article{nnh+14,
  author = {Nirjon, Shahriar and Nicoara, Angela and Hsu, Cheng-Hsin and Singh, Jatinder Pal and Stankovic, John A.},
  title = {MultiNets: A System for Real-time Switching Between Multiple Network Interfaces on Mobile Devices},
  journal = {ACM Trans. Embed. Comput. Syst.},
  issue_date = {July 2014},
  volume = {Vol. 13},
  number = {No. 4s},
  month = apr,
  year = {2014},
  issn = {1539-9087},
  pages = {121:1--121:25},
  articleno = {121},
  numpages = {25},
  doi = {10.1145/2489788},
  acmid = {2489788},
  publisher = {ACM},
  address = {New York, NY, USA},
  keywords = {3G, WiFi, energy, multiple interfaces, offload},
}

@article{hhk+12,
  author = {Han, Bo and Hui, Pan and Kumar, V. S.  Anil and Marathe, Madhav V. and Shao, Jianhua and Srinivasan, Aravind},
  title = {Mobile Data Offloading Through Opportunistic Communications and Social Participation},
  journal = {IEEE Transactions on Mobile Computing},
  issue_date = {May 2012},
  volume = {Vol. 11},
  number = {No. 5},
  month = may,
  year = {2012},
  issn = {1536-1233},
  pages = {821--834},
  numpages = {14},
  doi = {10.1109/TMC.2011.101},
  acmid = {2197346},
  publisher = {IEEE Educational Activities Department},
  address = {Piscataway, NJ, USA},
  keywords = {Mobile data offloading, target-set selection, opportunistic communications, mobile social networks, implementation, trace-driven simulation.},
}


@article{click,
  author = {Kohler, Eddie and Morris, Robert and Chen, Benjie and Jannotti, John and Kaashoek, M. Frans},
  title = {The Click Modular Router},
  journal = {ACM Trans. Comput. Syst.},
  issue_date = {Aug. 2000},
  volume = {Vol. 18},
  number = {No. 3},
  month = aug,
  year = {2000},
  issn = {0734-2071},
  pages = {263--297},
  numpages = {35},
  doi = {10.1145/354871.354874},
  acmid = {354874},
  publisher = {ACM},
  address = {New York, NY, USA},
  keywords = {component systems, routers, software router performance},
}

@article{mab+08,
  author = {McKeown, Nick and Anderson, Tom and Balakrishnan, Hari and Parulkar, Guru and Peterson, Larry and Rexford, Jennifer and Shenker, Scott and Turner, Jonathan},
  title = {OpenFlow: Enabling Innovation in Campus Networks},
  journal = {SIGCOMM Comput. Commun. Rev.},
  issue_date = {April 2008},
  volume = {Vol. 38},
  number = {No. 2},
  month = mar,
  year = {2008},
  issn = {0146-4833},
  pages = {69--74},
  numpages = {6},
  doi = {10.1145/1355734.1355746},
  acmid = {1355746},
  publisher = {ACM},
  address = {New York, NY, USA},
  keywords = {ethernet switch, flow-based, virtualization},
}

@www-misc{openflow-1.4.0,  
  bibitemlabel = "OF13",
  title = "OpenFlow Switch Specification -- Version 1.4.0",
  year = "14 October 2013",
}

@www-misc{openflow-1.0.0,  
  bibitemlabel = "OF09",
  title = "OpenFlow Switch Specification -- Version 1.0.0",
  year = "31 December 2009",
}

@article{ghm+05,
  author = {Greenberg, Albert and Hjalmtysson, Gisli and Maltz, David A. and Myers, Andy and Rexford, Jennifer and Xie, Geoffrey and Yan, Hong and Zhan, Jibin and Zhang, Hui},
  title = {A Clean Slate 4D Approach to Network Control and Management},
  journal = {SIGCOMM Comput. Commun. Rev.},
  issue_date = {October 2005},
  volume = {Vol. 35},
  number = {No. 5},
  month = oct,
  year = {2005},
  issn = {0146-4833},
  pages = {41--54},
  numpages = {14},
  doi = {10.1145/1096536.1096541},
  acmid = {1096541},
  publisher = {ACM},
  address = {New York, NY, USA},
  keywords = {control, network management, robustness},
}

@article{cfp+07,
  author = {Casado, Martin and Freedman, Michael J. and Pettit, Justin and Luo, Jianying and McKeown, Nick and Shenker, Scott},
  title = {Ethane: Taking Control of the Enterprise},
  journal = {SIGCOMM Comput. Commun. Rev.},
  issue_date = {October 2007},
  volume = {Vol. 37},
  number = {No. 4},
  month = aug,
  year = {2007},
  issn = {0146-4833},
  pages = {1--12},
  numpages = {12},
  doi = {10.1145/1282427.1282382},
  acmid = {1282382},
  publisher = {ACM},
  address = {New York, NY, USA},
  keywords = {architecture, management, network, security},
}

@article{gkp+08,
  author = {Gude, Natasha and Koponen, Teemu and Pettit, Justin and Pfaff, Ben and Casado, Mart\'{\i}n and McKeown, Nick and Shenker, Scott},
  title = {{NOX}: Towards an Operating System for Networks},
  journal = {SIGCOMM Comput. Commun. Rev.},
  issue_date = {July 2008},
  volume = {Vol. 38},
  number = {No. 3},
  month = jul,
  year = {2008},
  issn = {0146-4833},
  pages = {105--110},
  numpages = {6},
  doi = {10.1145/1384609.1384625},
  acmid = {1384625},
  publisher = {ACM},
  address = {New York, NY, USA},
  keywords = {architecture, management, network, security},
}

@inproceedings{eri13,
  author = {Erickson, David},
  title = {The Beacon Openflow Controller},
  booktitle = {Proceedings of the Second ACM SIGCOMM Workshop on Hot Topics in Software Defined Networking},
  series = {HotSDN '13},
  year = {2013},
  isbn = {978-1-4503-2178-5},
  location = {Hong Kong, China},
  pages = {13--18},
  numpages = {6},
  doi = {10.1145/2491185.2491189},
  acmid = {2491189},
  publisher = {ACM},
  address = {New York, NY, USA},
  keywords = {beacon, controller, java, openflow},
}

@inproceedings{hyg12,
  author = {Hassas Yeganeh, Soheil and Ganjali, Yashar},
  title = {Kandoo: A Framework for Efficient and Scalable Offloading of Control Applications},
  booktitle = {Proceedings of the First Workshop on Hot Topics in Software Defined Networks},
  series = {HotSDN '12},
  year = {2012},
  isbn = {978-1-4503-1477-0},
  location = {Helsinki, Finland},
  pages = {19--24},
  numpages = {6},
  doi = {10.1145/2342441.2342446},
  acmid = {2342446},
  publisher = {ACM},
  address = {New York, NY, USA},
  keywords = {data center networks, distributed control plane, software-defined networks},
}

@inproceedings{tg10,
  author = {Tootoonchian, Amin and Ganjali, Yashar},
  title = {HyperFlow: A Distributed Control Plane for OpenFlow},
  booktitle = {Proceedings of the 2010 Internet Network Management Conference on Research on Enterprise Networking},
  series = {INM/WREN'10},
  year = {2010},
  location = {San Jose, CA},
  numpages = {1},
  acmid = {1863136},
  publisher = {USENIX Association},
  address = {Berkeley, CA, USA},
}

@inproceedings{kcg+10,
  author = {Koponen, Teemu and Casado, Martin and Gude, Natasha and Stribling, Jeremy and Poutievski, Leon and Zhu, Min and Ramanathan, Rajiv and Iwata, Yuichiro and Inoue, Hiroaki and Hama, Takayuki and Shenker, Scott},
  title = {Onix: A Distributed Control Platform for Large-scale Production Networks},
  booktitle = {Proceedings of the 9th USENIX Conference on Operating Systems Design and Implementation},
  series = {OSDI'10},
  year = {2010},
  location = {Vancouver, BC, Canada},
  pages = {1--6},
  numpages = {6},
  acmid = {1924968},
  publisher = {USENIX Association},
  address = {Berkeley, CA, USA},
}

@inproceedings{dhm+13,
  author = {Dixit, Advait and Hao, Fang and Mukherjee, Sarit and Lakshman, T.V. and Kompella, Ramana},
  title = {Towards an Elastic Distributed SDN Controller},
  booktitle = {Proceedings of the Second ACM SIGCOMM Workshop on Hot Topics in Software Defined Networking},
  series = {HotSDN '13},
  year = {2013},
  isbn = {978-1-4503-2178-5},
  location = {Hong Kong, China},
  pages = {7--12},
  numpages = {6},
  doi = {10.1145/2491185.2491193},
  acmid = {2491193},
  publisher = {ACM},
  address = {New York, NY, USA},
  keywords = {data center networks, software-defined networks},
}

@inproceedings{ysk+10,
  author = {Yap, Kok-Kiong and Sherwood, Rob and Kobayashi, Masayoshi and Huang, Te-Yuan and Chan, Michael and Handigol, Nikhil and McKeown, Nick and Parulkar, Guru},
  title = {Blueprint for Introducing Innovation into Wireless Mobile Networks},
  booktitle = {Proceedings of the Second ACM SIGCOMM Workshop on Virtualized Infrastructure Systems and Architectures},
  series = {VISA '10},
  year = {2010},
  isbn = {978-1-4503-0199-2},
  location = {New Delhi, India},
  pages = {25--32},
  numpages = {8},
  doi = {10.1145/1851399.1851404},
  acmid = {1851404},
  publisher = {ACM},
  address = {New York, NY, USA},
  keywords = {flowvisor, mobile networks, mobility, openflow, software-defined networks, wireless},
}

@inproceedings{gplk13,
  author = {Gudipati, Aditya and Perry, Daniel and Li, Li Erran and Katti, Sachin},
  title = {SoftRAN: Software Defined Radio Access Network},
  booktitle = {Proceedings of the Second ACM SIGCOMM Workshop on Hot Topics in Software Defined Networking},
  series = {HotSDN '13},
  year = {2013},
  isbn = {978-1-4503-2178-5},
  location = {Hong Kong, China},
  pages = {25--30},
  numpages = {6},
  doi = {10.1145/2491185.2491207},
  acmid = {2491207},
  publisher = {ACM},
  address = {New York, NY, USA},
  keywords = {radio access networks, software defined networking},
}

@inproceedings{jlvr13,
  author = {Jin, Xin and Li, Li Erran and Vanbever, Laurent and Rexford, Jennifer},
  title = {SoftCell: Scalable and Flexible Cellular Core Network Architecture},
  booktitle = {Proceedings of the Ninth ACM Conference on Emerging Networking Experiments and Technologies},
  series = {CoNEXT '13},
  year = {2013},
  isbn = {978-1-4503-2101-3},
  location = {Santa Barbara, California, USA},
  pages = {163--174},
  numpages = {12},
  doi = {10.1145/2535372.2535377},
  acmid = {2535377},
  publisher = {ACM},
  address = {New York, NY, USA},
  keywords = {architecture design, cellular core networks, software-defined networking},
}

@inproceedings{dhx+13,
  author = {Aaron Yi Ding and Bo Han and Yu Xiao and Pan Hui and Aravind Srinivasan and Markku Kojo and Sasu Tarkoma},
  title = {Enabling energy-aware collaborative mobile data offloading for smartphones},
  booktitle = {10th Annual {IEEE} Communications Society Conference on Sensor, Mesh and Ad Hoc Communications and Networks}, 
  series = {SECON '13}, 
  address = {New Orleans, LA, USA}, 
  year      = {2013},
  month     = {June},
  pages     = {487--495},
}

@inproceedings{mpc+08,
  author = {Murty, Rohan and Padhye, Jitendra and Chandra, Ranveer and Wolman, Alec and Zill, Brian},
  title = {Designing High Performance Enterprise Wi-Fi Networks},
  booktitle = {Proceedings of the 5th USENIX Symposium on Networked Systems Design and Implementation},
  series = {NSDI'08},
  year = {2008},
  isbn = {111-999-5555-22-1},
  location = {San Francisco, California},
  pages = {73--88},
  numpages = {16},
  acmid = {1387595},
  publisher = {USENIX Association},
  address = {Berkeley, CA, USA},
}

@inproceedings{lly+10,
  author = {Lee, Kyunghan and Lee, Joohyun and Yi, Yung and Rhee, Injong and Chong, Song},
  title = {Mobile Data Offloading: How Much Can WiFi Deliver?},
  booktitle = {Proceedings of the 6th International Conference},
  series = {Co-NEXT '10},
  year = {2010},
  isbn = {978-1-4503-0448-1},
  location = {Philadelphia, Pennsylvania},
  pages = {26:1--26:12},
  articleno = {26},
  numpages = {12},
  doi = {10.1145/1921168.1921203},
  acmid = {1921203},
  publisher = {ACM},
  address = {New York, NY, USA},
}

@inproceedings{hra+10,
  author = {Higgins, Brett D. and Reda, Azarias and Alperovich, Timur and Flinn, Jason and Giuli, T. J. and Noble, Brian and Watson, David},
  title = {Intentional Networking: Opportunistic Exploitation of Mobile Network Diversity},
  booktitle = {Proceedings of the Sixteenth Annual International Conference on Mobile Computing and Networking},
  series = {MobiCom '10},
  year = {2010},
  isbn = {978-1-4503-0181-7},
  location = {Chicago, Illinois, USA},
  pages = {73--84},
  numpages = {12},
  doi = {10.1145/1859995.1860005},
  acmid = {1860005},
  publisher = {ACM},
  address = {New York, NY, USA},
  keywords = {application-aware networking, wireless network selection},
}

@inproceedings{bc03,
  author = {Balazinska, Magdalena and Castro, Paul},
  title = {Characterizing Mobility and Network Usage in a Corporate Wireless Local-area Network},
  booktitle = {Proceedings of the 1st International Conference on Mobile Systems, Applications and Services},
  series = {MobiSys '03},
  year = {2003},
  location = {San Francisco, California},
  pages = {303--316},
  numpages = {14},
  doi = {10.1145/1066116.1066127},
  acmid = {1066127},
  publisher = {ACM},
  address = {New York, NY, USA},
}

@inproceedings{mpww10,
  author = {Murty, Rohan and Padhye, Jitendra and Wolman, Alec and Welsh, Matt},
  title = {Dyson: An Architecture for Extensible Wireless LANs},
  booktitle = {Proceedings of the 2010 USENIX Conference on USENIX Annual Technical Conference},
  series = {USENIXATC'10},
  year = {2010},
  location = {Boston, MA},
  numpages = {1},
  acmid = {1855855},
  publisher = {USENIX Association},
  address = {Berkeley, CA, USA},
}

@inproceedings{sszm+12,
  author = {Suresh, Lalith and Schulz-Zander, Julius and Merz, Ruben and Feldmann, Anja and Vazao, Teresa},
  title = {Towards Programmable Enterprise WLANS with Odin},
  booktitle = {Proceedings of the First Workshop on Hot Topics in Software Defined Networks},
  series = {HotSDN '12},
  year = {2012},
  isbn = {978-1-4503-1477-0},
  location = {Helsinki, Finland},
  pages = {115--120},
  numpages = {6},
  doi = {10.1145/2342441.2342465},
  acmid = {2342465},
  publisher = {ACM},
  address = {New York, NY, USA},
  keywords = {enterprise wlans, odin, openflow, sdn, virtualization},
}


@ARTICLE{80211n,
  bibitemlabel = "IEEE09",
  journal={IEEE Std 802.11n-2009 (Amendment to IEEE Std 802.11-2007 as amended by IEEE Std 802.11k-2008, IEEE Std 802.11r-2008, IEEE Std 802.11y-2008, and IEEE Std 802.11w-2009)},
  title={IEEE Standard for Information technology-- Local and metropolitan area networks-- Specific requirements-- Part 11: Wireless LAN Medium Access Control (MAC) and Physical Layer (PHY) Specifications Amendment 5: Enhancements for Higher Throughput},
  year={2009},
  month={Oct},
  pages={1-565},
  doi={10.1109/IEEESTD.2009.5307322},
}
